% Encoding: UTF-8

@Article{bosonic,
  author    = {Kamil Bradler and Christoph Adami},
  title     = {Black holes as bosonic Gaussian channels},
  journal   = {Class. Quantum Grav.},
  year      = {2015},
  volume    = {},
  number    = {},
  pages     = {},
  month     = Jul,
  doi       = {},
  groups    = {},
  publisher = {},
  url       = {},
}


@Article{cit,
  author    = {Christoph Adami and Greg Ver Steeg},
  title     = {Classical information transmission capacity of quantum black holes},
  journal   = {Class. Quantum Grav.},
  year      = {2014},
  volume    = {},
  number    = {},
  pages     = {},
  month     = Mar,
  doi       = {},
  groups    = {},
  publisher = {},
  url       = {},
}



@Article{intro,
  author    = {Fabio Grazioso},
  title     = {Introduction to Quantum Information Theory and Outline of Two Applications to Physics: the Black Hole Information Paradox and the Renormalization Group Information Flow},
  journal   = {Quantum Physics Letters},
  year      = {2015},
  volume    = {},
  number    = {},
  pages     = {},
  month     = Aug,
  doi       = {},
  groups    = {},
  publisher = {},
  url       = {},
}



@Article{jerusalem,
  author    = {Daniel Harlow},
  title     = {Jerusalem Lectures on Black Holes and Quantum Information},
  journal   = {JHEP},
  year      = {2015},
  volume    = {},
  number    = {},
  pages     = {},
  month     = Sep,
  doi       = {},
  groups    = {},
  publisher = {},
  url       = {},
}


@Article{qit,
  author    = {Kamil Bradler and Christoph Adami},
  title     = {The capacity of black holes to transmit quantum information},
  journal   = {Class. Quantum Grav.},
  year      = {2014},
  volume    = {},
  number    = {},
  pages     = {},
  month     = May,
  doi       = {},
  groups    = {},
  publisher = {},
  url       = {},
}




@Article{slides,
  author    = {John Preskill},
  title     = {Quantum information and black holes},
  journal   = {IQIM},
  year      = {2014},
  volume    = {},
  number    = {},
  pages     = {},
  month     = Feb,
  doi       = {},
  groups    = {},
  publisher = {},
  url       = {},
}




@Article{sorkin,
  author    = {Rafael D. Sorkin},
  title     = {A simplified derivation of stimulated emission by black holes},
  journal   = {Class. Quantum Grav.},
  year      = {1987},
  volume    = {},
  number    = {},
  pages     = {},
  month     = Jan,
  doi       = {},
  groups    = {},
  publisher = {},
  url       = {},
}


@Article{cloner,
  author    = {Christoph Adami and Greg Ver Steeg},
  title     = {Black holes are almost optimal quantum cloners},
  journal   = {Journal of Physics A: Mathematical and Theoretical},
  year      = {2015},
  volume    = {48},
  number    = {},
  pages     = {},
  month     = May,
  doi       = {},
  groups    = {},
  publisher = {},
  url       = {},
}


@Article{ads,
  author    = {Juan Maldacena},
  title     = {The Large N Limit of Superconformal field theories and supergravity},
  journal   = {Class. Quantum Grav.},
  year      = {1998},
  volume    = {},
  number    = {},
  pages     = {},
  month     = Jan,
  doi       = {},
  groups    = {},
  publisher = {},
  url       = {},
}


@Article{ads,
  author    = {Juan Maldacena},
  title     = {The Large N Limit of Superconformal field theories and supergravity},
  journal   = {Class. Quantum Grav.},
  year      = {1998},
  volume    = {},
  number    = {},
  pages     = {},
  month     = Jan,
  doi       = {},
  groups    = {},
  publisher = {},
  url       = {},
}



@Article{better,
  author    = {Samuel L. Braunstein and Stefano Pirandola and Karol Zyczkowski},
  title     = {Better Late than Never: Information Retrieval from Black Holes},
  journal   = {},
  year      = {2013},
  volume    = {},
  number    = {},
  pages     = {},
  month     = Mar,
  doi       = {},
  groups    = {},
  publisher = {},
  url       = {},
}




@Article{broadcast,
  author    = {Jon Yard and Patrick Haydenz and Igor Devetak},
  title     = {Quantum Broadcast Channels},
  journal   = {IEEE Transactions on Information Theory},
  year      = {2011},
  volume    = {57},
  number    = {},
  pages     = {},
  month     = Oct,
  doi       = {},
  groups    = {},
  publisher = {},
  url       = {},
}


@Article{do,
  author    = {John Preskill},
  title     = {Do Black Holes Destroy Information?},
  journal   = {},
  year      = {1992},
  volume    = {},
  number    = {},
  pages     = {},
  month     = Sep,
  doi       = {},
  groups    = {},
  publisher = {},
  url       = {},
}


@Article{hr,
  author    = {S. W. Hawking},
  title     = {Particle Creation by Black Holes},
  journal   = {Commun. math. Phys.},
  year      = {1975},
  volume    = {43},
  number    = {},
  pages     = {},
  month     = Apr,
  doi       = {},
  groups    = {},
  publisher = {},
  url       = {},
}



@Article{mirror,
  author    = {Patrick Hayden and John Preskill},
  title     = {Black holes as mirrors: quantum information in random subsystems},
  journal   = {},
  year      = {2007},
  volume    = {},
  number    = {},
  pages     = {},
  month     = Sep,
  doi       = {},
  groups    = {},
  publisher = {},
  url       = {},
}


@Article{nohidden,
  author    = {Samuel L. Braunstein and Arun K. Pati},
  title     = {Quantum information cannot be completely hidden in correlations: implications for the black-hole information paradox},
  journal   = {},
  year      = {2006},
  volume    = {},
  number    = {},
  pages     = {},
  month     = Mar,
  doi       = {},
  groups    = {},
  publisher = {},
  url       = {},
}



@Article{SusComplementarity,
  author    = {Leonard Susskind and Larus Thorlacius and John Uglum},
  title     = {The Stretched Horizon and Black Hole Complementarity},
  journal   = {},
  year      = {1993},
  volume    = {},
  number    = {},
  pages     = {},
  month     = Jun,
  doi       = {},
  groups    = {},
  publisher = {},
  url       = {},
}




@Article{SusScramb,
  author    = {Yasuhiro Sekino and L. Susskind},
  title     = {Fast Scramblers},
  journal   = {},
  year      = {1993},
  volume    = {},
  number    = {},
  pages     = {},
  month     = Jun,
  doi       = {},
  groups    = {},
  publisher = {},
  url       = {},
}




@Book{chuang,
  title     = {Quantum Computation and Quantum Information},
  publisher = {Cambridge University Press},
  year      = {2010},
  author    = {M. Nielsen and I. Chuang},
  date      = {},
  ean       = {},
  groups    = {},
  isbn      = {},
  pagetotal = {},
}





@Book{wilde,
  title     = {Quantum Information Theory},
  publisher = {Cambridge University Press},
  year      = {2013},
  author    = {Mark M. Wilde},
  date      = {},
  ean       = {},
  groups    = {},
  isbn      = {},
  pagetotal = {},
}




@Book{cover,
  title     = {Elements of Information Theory},
  publisher = {A John Wiley and sons Inc. Publication},
  year      = {2006},
  author    = {Thomas M. Cover and Joy A. thomas},
  date      = {},
  ean       = {},
  groups    = {},
  isbn      = {},
  pagetotal = {},
}

@Book{shankar,
  title     = {Principles of Quantum Mechanics},
  publisher = {Plenum Press, New York},
  year      = {1980},
  author    = {R. Shankar},
  date      = {},
  ean       = {},
  groups    = {},
  isbn      = {},
  pagetotal = {},
}

@InProceedings{ipm,
  author       = {Abolfath Beigi and Aminzadeh Gohari},
  title        = {Lecture Notes on Quantum Information theory},
  booktitle    = {},
  year         = {2002},
  pages        = {},
  organization = {},
  groups       = {},
}

